<record><leader>00000cas a22000007a 4500</leader><controlfield tag="001">8565067</controlfield><controlfield tag="008">820630c19099999txuwr ne      0    0eng d</controlfield><datafield ind1=" " ind2=" " tag="010"><subfield code="a">sn 86088636 </subfield></datafield><datafield ind1=" " ind2=" " tag="040"><subfield code="a">SUR</subfield><subfield code="b">eng</subfield><subfield code="c">SUR</subfield><subfield code="d">PPM</subfield><subfield code="d">OCLCQ</subfield></datafield><datafield ind1=" " ind2=" " tag="037"><subfield code="b">Sanderson Times, P.O. Box 748, Sanderson, Texas 79848</subfield></datafield><datafield ind1=" " ind2=" " tag="042"><subfield code="a">msc</subfield></datafield><datafield ind1="0" ind2="0" tag="245"><subfield code="a">Sanderson times.</subfield></datafield><datafield ind1=" " ind2=" " tag="260"><subfield code="a">Sanderson, Tex. :</subfield><subfield code="b">[s.n.]</subfield></datafield><datafield ind1=" " ind2=" " tag="300"><subfield code="a">v. :</subfield><subfield code="b">ill. (chiefly advertisements)</subfield></datafield><datafield ind1=" " ind2=" " tag="310"><subfield code="a">Weekly</subfield></datafield><datafield ind1="1" ind2=" " tag="362"><subfield code="a">Began in 1909?</subfield></datafield><datafield ind1=" " ind2=" " tag="588"><subfield code="a">Description based on: Vol. 4, no. 48 (May 23, 1913).</subfield></datafield><datafield ind1=" " ind2=" " tag="752"><subfield code="a">United States</subfield><subfield code="b">Texas</subfield><subfield code="c">Terrell</subfield><subfield code="d">Sanderson.</subfield></datafield></record>